<record><leader>00000cas a22000007a 4500</leader><controlfield tag="001">10008342</controlfield><controlfield tag="008">831013d1853185uohuwr ne      0    0eng d</controlfield><datafield ind1=" " ind2=" " tag="010"><subfield code="a">sn 83035534 </subfield></datafield><datafield ind1=" " ind2=" " tag="040"><subfield code="a">NPY</subfield><subfield code="b">eng</subfield><subfield code="c">NPY</subfield><subfield code="d">NPX</subfield><subfield code="d">ONP</subfield><subfield code="d">OCLCQ</subfield></datafield><datafield ind1=" " ind2=" " tag="042"><subfield code="a">msc</subfield></datafield><datafield ind1="0" ind2=" " tag="130"><subfield code="a">Progressive age (Coshocton, Ohio : 1853)</subfield></datafield><datafield ind1="1" ind2="4" tag="245"><subfield code="a">The Progressive age.</subfield></datafield><datafield ind1=" " ind2=" " tag="260"><subfield code="a">Coshocton, Ohio :</subfield><subfield code="b">R. Welling Burt</subfield></datafield><datafield ind1=" " ind2=" " tag="300"><subfield code="a">v.</subfield></datafield><datafield ind1=" " ind2=" " tag="310"><subfield code="a">Weekly</subfield></datafield><datafield ind1="1" ind2=" " tag="362"><subfield code="a">Began in Oct. 1853.</subfield></datafield><datafield ind1=" " ind2=" " tag="500"><subfield code="a">Publishers: R. Welling Burt, &lt;1854-1855&gt;; A.R. Hillyer, &lt;1856&gt;.</subfield></datafield><datafield ind1=" " ind2=" " tag="500"><subfield code="a">Republican, &lt;1854&gt;.</subfield></datafield><datafield ind1=" " ind2=" " tag="588"><subfield code="a">Description based on: Vol. 1, no. 52 (Sept. 13, 1854).</subfield></datafield><datafield ind1=" " ind2=" " tag="752"><subfield code="a">United States</subfield><subfield code="b">Ohio</subfield><subfield code="c">Coshocton</subfield><subfield code="d">Coshocton.</subfield></datafield><datafield ind1="0" ind2="0" tag="780"><subfield code="t">Coshocton Republican (Coshocton, Ohio : 1849)</subfield><subfield code="w">(DLC)sn 83035533</subfield></datafield><datafield ind1="0" ind2="0" tag="785"><subfield code="t">Progressive age and Coshocton County local record</subfield><subfield code="w">(DLC)sn 88078216</subfield></datafield></record>